@article{DPRZ2016,
archivePrefix = {arXiv},
arxivId = {1511.08995},
author = {Dumbser, Michael and Peshkov, Ilya and Romenski, Evgeniy and Zanotti, Olindo},
doi = {10.1016/j.jcp.2016.02.015},
eprint = {1511.08995},
file = {:home/peshenator/Documents/MendeleyDesktop/Dumbser et al. - 2016 - High order ADER schemes for a unified first order hyperbolic formulation of continuum mechanics Viscous heat-con.pdf:pdf},
issn = {00219991},
journal = {Journal of Computational Physics},
month = {jun},
pages = {824--862},
title = {{High order ADER schemes for a unified first order hyperbolic formulation of continuum mechanics: Viscous heat-conducting fluids and elastic solids}},
url = {http://dx.doi.org/10.1016/j.jcp.2016.02.015},
volume = {314},
year = {2016}
}

@article{PRD-Torsion2019,
	archivePrefix = {arXiv},
	arxivId = {1810.03761},
	author = {Peshkov, Ilya and Romenski, Evgeniy and Dumbser, Michael},
	doi = {10.1007/s00161-019-00770-6},
	eprint = {1810.03761},
	issn = {0935-1175},
	journal = {Continuum Mechanics and Thermodynamics},
	month = {sep},
	number = {5},
	pages = {1517--1541},
	publisher = {Springer Berlin Heidelberg},
	title = {{Continuum mechanics with torsion}},
	url = {http://link.springer.com/10.1007/s00161-019-00770-6
	http://arxiv.org/abs/1810.03761},
	volume = {31},
	year = {2019}
}

@article{Madeo2015a,
author = {Madeo, A. and Neff, P. and Ghiba, I. D. and Placidi, L. and Rosi, G.},
doi = {10.1007/s00161-013-0329-2},
issn = {0935-1175},
journal = {Continuum Mechanics and Thermodynamics},
month = {sep},
number = {4-5},
pages = {551--570},
publisher = {Springer Berlin Heidelberg},
title = {{Wave propagation in relaxed micromorphic continua: modeling metamaterials with frequency 
band-gaps}},
url = {http://link.springer.com/10.1007/s00161-013-0329-2},
volume = {27},
year = {2015}
}